% 25877226 
@Article{pmid25877226,
   Author="Eapen, B. R.  and Chapman, B. ",
   Title="{{M}obile {A}ccess to {C}linical{C}onnect: {A} {U}ser {F}eedback {S}urvey on {U}sability, {P}roductivity, and {Q}uality}",
   Journal="JMIR Mhealth Uhealth",
   Year="2015",
   Volume="3",
   Number="2",
   Pages="e35"
}

% 20061746 
@Article{pmid20061746,
   Author="Eapen, B. R. ",
   Title="{{W}hat if your dissertation aims fail?}",
   Journal="Indian J Dermatol Venereol Leprol",
   Year="2010",
   Volume="76",
   Number="1",
   Pages="80--82"
}

% 19584464 
@Article{pmid19584464,
   Author="Eapen, B. R. ",
   Title="{{A}gent-based model of laser hair removal: a treatment optimization and patient education tool}",
   Journal="Indian J Dermatol Venereol Leprol",
   Year="2009",
   Volume="75",
   Number="4",
   Pages="383--387"
}

% 19009985 
@Article{pmid19009985,
   Author="Eapen, B. R. ",
   Title="{{S}chwann cell invasion by {M}. leprae: the probable trojan horse}",
   Journal="Lepr Rev",
   Year="2008",
   Volume="79",
   Number="3",
   Pages="335--337",
   Month="Sep"
}

% 18797088 
@Article{pmid18797088,
   Author="Eapen, B. R. ",
   Title="{{D}erma{M}an: scoring dermatology in your palm}",
   Journal="Indian J Dermatol Venereol Leprol",
   Year="2008",
   Volume="74",
   Number="4",
   Pages="424--426"
}

% 18789058 
@Article{pmid18789058,
   Author="Eapen, B. R. ",
   Title="{{M}olecular biology of botulinum neurotoxin serotype {A}: a cosmetic perspective}",
   Journal="J Cosmet Dermatol",
   Year="2008",
   Volume="7",
   Number="3",
   Pages="221--225",
   Month="Sep"
}

% 18713597 
@Article{pmid18713597,
   Author="Eapen, B. R. ",
   Title="{{O}{N}{T}{O}{D}erm--a domain ontology for dermatology}",
   Journal="Dermatol. Online J.",
   Year="2008",
   Volume="14",
   Number="6",
   Pages="16"
}

% 18583808 
@Article{pmid18583808,
   Author="Eapen, B. R. ",
   Title="{{E}rb{B}2: nonimmune genetic key to leprosy}",
   Journal="Indian J Dermatol Venereol Leprol",
   Year="2008",
   Volume="74",
   Number="3",
   Pages="272--273"
}

% 18388390 
@Article{pmid18388390,
   Author="Eapen, B. R. ",
   Title="{{V}itiligo, psoriasis and imiquimod: fitting all into the same pathway}",
   Journal="Indian J Dermatol Venereol Leprol",
   Year="2008",
   Volume="74",
   Number="2",
   Pages="169--170"
}

% 18188427 
@Article{pmid18188427,
   Author="Eapen, B. R. ",
   Title="{{P}hotosensitivity in {S}mith-{L}emli-{O}pitz syndrome: a flux balance analysis of altered metabolism}",
   Journal="Bioinformation",
   Year="2007",
   Volume="2",
   Number="2",
   Pages="78--82"
}

% 18032878 
@Article{pmid18032878,
   Author="Eapen, B. R. ",
   Title="{{C}ollaborative writing: {T}ools and tips}",
   Journal="Indian J Dermatol Venereol Leprol",
   Year="2007",
   Volume="73",
   Number="6",
   Pages="439--441"
}

% 17642881 
@Article{pmid17642881,
   Author="Eapen, B. R. ",
   Title="{{D}ata sharing using {I}nternet: a suggestion}",
   Journal="Indian J Dermatol Venereol Leprol",
   Year="2003",
   Volume="69",
   Number="2",
   Pages="194"
}

% 17642842 
@Article{pmid17642842,
   Author="Eapen, B. R.  and Shabana, S.  and Anandan, S. ",
   Title="{{W}aist dermatoses in {I}ndian women wearing saree}",
   Journal="Indian J Dermatol Venereol Leprol",
   Year="2003",
   Volume="69",
   Number="2",
   Pages="88--89"
}

% 17642606 
@Article{pmid17642606,
   Author="Eapen, B. R. ",
   Title="{{V}{I}{T}1 gene and vitiligo}",
   Journal="Indian J Dermatol Venereol Leprol",
   Year="2004",
   Volume="70",
   Number="3",
   Pages="184--185"
}

% 16766842 
@Article{pmid16766842,
   Author="Eapen, B. R. ",
   Title="{{B}log your clinical photos}",
   Journal="Indian J Dermatol Venereol Leprol",
   Year="2006",
   Volume="72",
   Number="3",
   Pages="231--232"
}

% 16707834 
@Article{pmid16707834,
   Author="Eapen, B. R. ",
   Title="{{E}nd{N}ote 7.0}",
   Journal="Indian J Dermatol Venereol Leprol",
   Year="2006",
   Volume="72",
   Number="2",
   Pages="165--166"
}

% 16394384 
@Article{pmid16394384,
   Author="Eapen, B. R. ",
   Title="{'{N}eural network' algorithm to predict severity in epidermolysis bullosa simplex}",
   Journal="Indian J Dermatol Venereol Leprol",
   Year="2005",
   Volume="71",
   Number="2",
   Pages="106--108"
}

% 12653925 
@Article{pmid12653925,
   Author="Eapen, B. R. ",
   Title="{{A} new insight into the pathogenesis of {R}eiter's syndrome using bioinformatics tools}",
   Journal="Int. J. Dermatol.",
   Year="2003",
   Volume="42",
   Number="3",
   Pages="242--243",
   Month="Mar"
}
